@article{Albiter2019,
  author    = {Albiter, Julio and Mendoza, Rafael and Dorantes, Eusebio},
  title     = {El pensamiento computacional en la electr{\'o}nica: la importancia del software de simulaci{\'o}n en la comprensi{\'o}n del principio de funcionamiento de los componentes electr{\'o}nicos},
  journal   = {3C TIC: Cuadernos de desarrollo aplicados a las TIC},
  volume    = {8},
  number    = {4},
  pages     = {85--113},
  year      = {2019}
}
@article{Contreras2010,
  author    = {Contreras, Guillermo and Garc{\'i}a, Ra{\'u}l and Ram{\'i}rez, Miguel},
  title     = {Uso de simuladores como recurso digital para la transferencia de conocimiento},
  journal   = {Apertura},
  volume    = {2},
  number    = {1},
  pages     = {86--100},
  year      = {2010}
}
@article{Zaturrahmi2020,
  author    = {Zaturrahmi, Z. and Festiyed, F. and Ellizar, E.},
  title     = {The Utilization of Virtual Laboratory in Learning: A Meta-Analysis},
  journal   = {Indonesian Journal of Science and Mathematics Education},
  volume    = {3},
  number    = {2},
  pages     = {228--236},
  year      = {2020}
}
@article{Eryilmaz2021,
  author    = {Eryilmaz, Sedat and Deniz, G{\"o}k{\c{c}}e},
  title     = {Effect of Tinkercad on Students' Computational Thinking Skills and Perceptions: A Case of Ankara Province},
  journal   = {Turkish Online Journal of Educational Technology},
  volume    = {20},
  number    = {1},
  pages     = {25--38},
  year      = {2021}
}
@inproceedings{Juanda2020,
  author    = {Juanda, Entika Fani and Khairullah, Fahrurrozi},
  title     = {Tinkercad Application Software to Optimize Teaching and Learning Process in Electronics and Microprocessors Subject},
  booktitle = {Proceedings of the 6th UPI International Conference on TVET},
  series    = {Advances in Social Science, Education and Humanities Research},
  volume    = {520},
  pages     = {124--128},
  year      = {2020}
}
@article{Chiluisa2022,
  author    = {Chiluisa, Mar{\'i}a and Lucio, Yadira and Vel{\'a}squez, Fabiola},
  title     = {Tinkercad como herramienta estrat{\'e}gica en el proceso de aprendizaje significativo},
  journal   = {Horizontes. Revista de Investigaci{\'o}n en Ciencias de la Educaci{\'o}n},
  volume    = {6},
  number    = {25},
  pages     = {1759--1767},
  year      = {2022}
}
@article{Villalba2021,
  author    = {Villalba, Eduardo and Mocencahua, David and S{\'a}nchez, Luis},
  title     = {Tinkercad como alternativa para aprender conceptos b{\'a}sicos de Electr{\'o}nica desde casa durante la pandemia Covid-19},
  journal   = {Revista BUAP},
  volume    = {7},
  number    = {20},
  year      = {2021},
  pages     = {–}
}
@article{Solorzano2024,
  author    = {Sol{\'o}rzano Medina, Pedro A. and Estrella Tapia, Diego F.},
  title     = {Integraci{\'o}n de estrategias did{\'a}cticas y l{\'u}dicas en la ense{\~n}anza de circuitos el{\'e}ctricos: un enfoque innovador en la educaci{\'o}n tecnol{\'o}gica},
  journal   = {Revista Cient{\'i}fica Multidisciplinar G-nerando},
  volume    = {5},
  number    = {2},
  pages     = {–},
  year      = {2024},
  doi       = {10.60100/rcmg.v5i2.291}
}
@article{Tupac2021,
  author    = {Tupac, Miguel and Vidal, Cristian and S{\'a}nchez, Arturo and Pereira, Francisco},
  title     = {Experiencias y beneficios del uso de Arduino en un curso de programaci{\'o}n de primer a{\~n}o},
  journal   = {Formaci{\'o}n Universitaria},
  volume    = {14},
  number    = {6},
  pages     = {87--96},
  year      = {2021}
}
@article{Vidal2019,
  author    = {Vidal, Cristian and Lineros, Mar{\'i}a and Uribe, Gonzalo and Olmos, Claudio},
  title     = {Electr{\'o}nica para Todos con el Uso de Arduino: Experiencias Positivas en la Implementaci{\'o}n de Soluciones Hardware-Software},
  journal   = {Informaci{\'o}n Tecnol{\'o}gica},
  volume    = {30},
  number    = {6},
  pages     = {377--386},
  year      = {2019}
}
@article{Lozoya2022,
  author    = {Lozoya-P{\'e}rez, Francisco A. and Ibarra Mu{\~n}oz, Elixena and Almada Ar{\'e}valo, Luz A.},
  title     = {Aplicaci{\'o}n de Proteus y Tinkercad en materias relacionadas con el Internet de las Cosas},
  journal   = {Revista Electr{\'o}nica ANFEI Digital},
  number    = {14},
  pages     = {–},
  year      = {2022}
}


@article{markushevich2020,
  author    = {М. V. Markushevich},
  title     = {Организация дистанционного преподавания робототехники на базе микроконтроллера Arduino Uno в виртуальной среде Autodesk Tinkercad},
  journal   = {},
  year      = {2020},
  pages     = {12--20},
  doi       = {10.32517/2221-1993-2020-19-8-12-20},
  url       = {https://consensus.app/papers/организация-дистанционного-преподавания-робототехники-markushevich/3675ce4d31675c5db369245df9a1cb4a/?utm_source=chatgpt}
}

@article{vibhute2022,
  author    = {Manisha Vibhute},
  title     = {Tinkercad: A Blended Teaching and Learning Tool},
  journal   = {International Journal of Advanced Research in Science, Communication and Technology},
  year      = {2022},
  doi       = {10.48175/ijarsct-5114},
  url       = {https://consensus.app/papers/tinkercad-a-blended-teaching-and-learning-tool-vibhute/056904f46ee45efc8235602eb3bd7746/?utm_source=chatgpt}
}

@inproceedings{navas2022,
  author    = {Rafael De Jesús Navas-González},
  title     = {Practice Projects in Biomedical Instrumentation with Tinkercad Arduino},
  booktitle = {2022 Congreso de Tecnología, Aprendizaje y Enseñanza de la Electrónica (TAEE)},
  year      = {2022},
  pages     = {1--4},
  doi       = {10.1109/TAEE54169.2022.9840648},
  url       = {https://consensus.app/papers/practice-projects-in-biomedical-instrumentation-with-navas-gonzález/d709e415d5305079a43230d6807146c5/?utm_source=chatgpt}
}

@article{abburi2021,
  author    = {R. Abburi and M. Praveena and R. Priyakanth},
  title     = {TinkerCad - A Web Based Application for Virtual Labs to help Learners Think, Create and Make},
  journal   = {Journal of Engineering Education Transformations},
  year      = {2021},
  doi       = {10.16920/JEET/2021/V34I0/157209},
  url       = {https://consensus.app/papers/tinkercad-a-web-based-application-for-virtual-labs-to-help-abburi-praveena/88633d7ff50e5104b1009f25de6a3bfb/?utm_source=chatgpt}
}

@article{tupac2021,
  author    = {Miguel Tupac-Yupanqui and Cristian L. Vidal-Silva and Aurora Sánchez-Ortíz and Felipe Pereira},
  title     = {Experiencias y beneficios del uso de Arduino en un curso de programación de primer año},
  journal   = {Formación universitaria},
  year      = {2021},
  doi       = {10.4067/s0718-50062021000600087},
  url       = {https://consensus.app/papers/experiencias-y-beneficios-del-uso-de-arduino-en-un-curso-de-tupac-yupanqui-vidal-silva/29f349a23dec5f87803c8af8e9563263/?utm_source=chatgpt}
}
