@article{karapetyan2020smlight,
  author    = {Areg Karapetyan and Sid Chi{-}Kin Chau and Khaled Elbassioni and Syafiq Kamarul Azman and Majid Khonji},
  title     = {Multisensor Adaptive Control System for IoT-Empowered Smart Lighting with Oblivious Mobile Sensors},
  journal   = {ACM Transactions on Sensor Networks},
  volume    = {16},
  number    = {1},
  pages     = {11:1--11:21},
  year      = {2020},
  doi       = {10.1145/3369392}
}

@article{sajini2023proximity,
  author    = {S. Sajini and B. Pushpa},
  title     = {Sensor Enabled Proximity Detection with Hybridisation of IoT and Computer Vision Models to Assist the Visually Impaired},
  journal   = {Engineering, Technology \& Applied Science Research},
  volume    = {13},
  number    = {6},
  pages     = {12284--12288},
  year      = {2023},
  doi       = {10.48084/etasr.6410}
}

@article{kaffale2025dcmotor,
  author    = {Tesfaye Hordofa Kaffale and Jia Liu},
  title     = {Speed and Direction Control of DC Motor Using Arduino Uno Microcontroller},
  journal   = {Open Access Library Journal},
  volume    = {12},
  number    = {3},
  pages     = {e13007},
  year      = {2025},
  doi       = {10.4236/oalib.1113007}
}

@inproceedings{yin2016l298n,
  author    = {Liuliu Yin and Fang Wang and Sen Han and Yuchen Li},
  title     = {Application of Drive Circuit Based on {L298N} in Direct Current Motor Speed Control System},
  booktitle = {Proceedings of the International Symposium on Optoelectronic Technology and Application (ISTA)},
  publisher = {SPIE},
  year      = {2016},
  doi       = {10.1117/12.2246555}
}

@inproceedings{medina2024ssr,
  author    = {Jorge Medina and Kevin Barros and William Chamorro and Juan Ram√≠rez},
  title     = {Design and Construction of a Controlled Solid-State Relay with Variable Duty Ratio for DOMOTIC Applications},
  booktitle = {Engineering Proceedings},
  volume    = {77},
  number    = {1},
  pages     = {14},
  year      = {2024},
  doi       = {10.3390/engproc2024077014}
}

@misc{omron2015ssrguide,
  author    = {{Omron Corporation}},
  title     = {Technical Explanation for Solid-State Relays},
  howpublished = {\url{https://www.ia.omron.com/data_pdf/guide/18/ssr_tg_e_9_2.pdf}},
  year      = {2015},
  note      = {Accessed 21 May 2025}
}

@inproceedings{muthekar2024smartirr,
  author    = {Divya S. Muthekar and Kishor V. Gadekar and A. M. Deulkar and D. B. Pardeshi},
  title     = {Smart Irrigation System using ESP8266, NodeMCU and ThingSpeak},
  booktitle = {Proceedings of the 2024 8th International Conference on Inventive Systems and Control (ICISC)},
  year      = {2024},
  doi       = {10.1109/ICISC62624.2024.00110}
}